@inproceedings{tschiatschek16learning,
  Author = {Sebastian Tschiatschek and Josip Djolonga and Andreas Krause},
  Booktitle = {Proc. International Conference on Artificial Intelligence and Statistics (AISTATS)},
  Month = {May},
  Title = {Learning Probabilistic Submodular Diversity Models Via Noise Contrastive Estimation},
  Year = {2016}}

@inproceedings{djolonga14variational,
  Author = {Josip Djolonga and Andreas Krause},
  Booktitle = {Neural Information Processing Systems (NIPS)},
  Month = {December},
  Title = {From {MAP} to Marginals: Variational Inference in Bayesian Submodular Models},
  Year = {2014}}

@incollection{krause14submodular,
  Author = {Andreas Krause and Daniel Golovin},
  Booktitle = {Tractability: Practical Approaches to Hard Problems},
  title = {Submodular function maximization},
  chapter = {3},
  publisher = {Cambridge University Press},
  month = {February},
  year = {2014}}

@incollection{jerrum1990,
  author={Mark Jerrum and Alistair Sinclair},
  title={Polynomial-time approximation algorithms for the ising model},
  booktitle={Automata, Languages and Programming},
  year={1990},
  month={July},
  publisher={Springer Berlin Heidelberg},
  pages={462--475},
}

@inproceedings{Yan:2011:ETS:2009916.2010016,
  author = {Yan, Rui and Wan, Xiaojun and Otterbacher, Jahna and Kong, Liang and Li, Xiaoming and Zhang, Yan},
  title = {Evolutionary Timeline Summarization: A Balanced Optimization Framework via Iterative Substitution},
  booktitle = {Proceedings of the 34th International ACM SIGIR Conference on Research and Development in Information Retrieval},
  year = {2011},
  isbn = {978-1-4503-0757-4},
  location = {Beijing, China},
  pages = {745--754},
  numpages = {10},
  url = {http://doi.acm.org/10.1145/2009916.2010016},
  doi = {10.1145/2009916.2010016},
  acmid = {2010016},
  publisher = {ACM},
  address = {New York, NY, USA},
  keywords = {evolutionary summarization, optimization, timeline},
}

@inproceedings{Shahaf2012,
  author = {Shahaf, Dafna and Guestrin, Carlos and Horvitz, Eric},
  title = {Trains of Thought: Generating Information Maps},
  booktitle = {Proceedings of the 21st International Conference on World Wide Web},
  series = {WWW '12},
  year = {2012},
  isbn = {978-1-4503-1229-5},
  location = {Lyon, France},
  pages = {899--908},
  numpages = {10},
  url = {http://doi.acm.org/10.1145/2187836.2187957},
  doi = {10.1145/2187836.2187957},
  acmid = {2187957},
  publisher = {ACM},
  address = {New York, NY, USA},
  keywords = {information, metro maps, summarization},
} 
